<?xml version="1.0" encoding="UTF-8"?>
<OAI-PMH xmlns="http://www.openarchives.org/OAI/2.0/" xmlns:xsi="http://www.w3.org/2001/XMLSchema-instance" xsi:schemaLocation="http://www.openarchives.org/OAI/2.0/ http://www.openarchives.org/OAI/2.0/OAI-PMH.xsd">
  <ListRecords>
    <record>
      <header>
        <identifier>aleph-publish:000636652</identifier>
      </header>
      <metadata>
        <record xmlns="http://www.ddb.de/professionell/mabxml/mabxml-1.xsd">
          <leader>00670cM2.01200024------h</leader>
          <controlfield tag="LDR">00670cM2.01200024------h</controlfield>
          <controlfield tag="FMT">MH</controlfield>
          <datafield tag="001" ind1="-" ind2="1">
            <subfield code="a">HT005075563</subfield>
          </datafield>
          <datafield tag="002" ind1="a" ind2="1">
            <subfield code="a">19991119</subfield>
          </datafield>
          <datafield tag="003" ind1="-" ind2="1">
            <subfield code="a">20120627202412</subfield>
          </datafield>
          <datafield tag="004" ind1="-" ind2="1">
            <subfield code="a">20120710</subfield>
          </datafield>
          <datafield tag="020" ind1="a" ind2="1">
            <subfield code="a">507885-4</subfield>
            <subfield code="b">DNB</subfield>
          </datafield>
          <datafield tag="025" ind1="a" ind2="1">
            <subfield code="a">01267172X</subfield>
          </datafield>
          <datafield tag="025" ind1="o" ind2="1">
            <subfield code="a">183367192</subfield>
          </datafield>
          <datafield tag="025" ind1="z" ind2="1">
            <subfield code="a">507885-4</subfield>
          </datafield>
          <datafield tag="026" ind1="-" ind2="1">
            <subfield code="a">ZDB507885-4</subfield>
          </datafield>
          <controlfield tag="030">b|1dcz|z|||37</controlfield>
          <datafield tag="036" ind1="a" ind2="1">
            <subfield code="a">XA-DE</subfield>
          </datafield>
          <datafield tag="037" ind1="b" ind2="1">
            <subfield code="a">ger</subfield>
          </datafield>
          <controlfield tag="050">a|a|||||||||||</controlfield>
          <controlfield tag="052">p||||||zq||||||</controlfield>
          <datafield tag="070" ind1="-" ind2="1">
            <subfield code="a">9001</subfield>
          </datafield>
          <datafield tag="070" ind1="a" ind2="1">
            <subfield code="a">DNB</subfield>
          </datafield>
          <datafield tag="070" ind1="b" ind2="1">
            <subfield code="a">9999</subfield>
          </datafield>
          <datafield tag="073" ind1="-" ind2="1">
            <subfield code="a">9,10</subfield>
          </datafield>
          <datafield tag="331" ind1="-" ind2="1">
            <subfield code="a">Magazin Kunst</subfield>
          </datafield>
          <datafield tag="335" ind1="-" ind2="1">
            <subfield code="a">d. aktuelle Kunstmagazin; Vierteljahresschrift für Museen, Sammler u. Galerien</subfield>
          </datafield>
          <datafield tag="405" ind1="-" ind2="1">
            <subfield code="a">10.1970 - 13.1973 = Nr. 37-52; 14.1974 - 16.1976</subfield>
          </datafield>
          <datafield tag="410" ind1="-" ind2="1">
            <subfield code="a">Mainz</subfield>
          </datafield>
          <datafield tag="412" ind1="-" ind2="1">
            <subfield code="a">Verl. Magazin Kunst</subfield>
          </datafield>
          <datafield tag="425" ind1="b" ind2="1">
            <subfield code="a">1970</subfield>
          </datafield>
          <datafield tag="425" ind1="c" ind2="1">
            <subfield code="a">1976</subfield>
          </datafield>
          <datafield tag="531" ind1="z" ind2="1">
            <subfield code="p">Vorg. ---&gt;</subfield>
            <subfield code="a">Kunst</subfield>
            <subfield code="9">HT005075564</subfield>
          </datafield>
          <datafield tag="533" ind1="z" ind2="1">
            <subfield code="p">Forts. ---&gt;</subfield>
            <subfield code="a">Kunstmagazin</subfield>
            <subfield code="9">HT002199424</subfield>
          </datafield>
          <datafield tag="700" ind1="l" ind2="1">
            <subfield code="a">500</subfield>
          </datafield>
          <datafield tag="700" ind1="-" ind2="1">
            <subfield code="a">050</subfield>
            <subfield code="a">ZDB</subfield>
          </datafield>
          <datafield tag="700" ind1="-" ind2="1">
            <subfield code="a">700</subfield>
            <subfield code="a">ZDB</subfield>
          </datafield>
          <datafield tag="700" ind1="z" ind2="1">
            <subfield code="a">100</subfield>
          </datafield>
          <datafield tag="700" ind1="z" ind2="1">
            <subfield code="a">470</subfield>
          </datafield>
          <datafield tag="902" ind1="-" ind2="1">
            <subfield code="s">Kunst</subfield>
            <subfield code="9">(DE-588)4114333-4</subfield>
          </datafield>
          <datafield tag="902" ind1="-" ind2="1">
            <subfield code="s">Zeitschrift</subfield>
            <subfield code="9">(DE-588)4067488-5</subfield>
          </datafield>
          <datafield tag="904" ind1="a" ind2="1">
            <subfield code="a">DE-600DE-600</subfield>
          </datafield>
          <controlfield tag="SYS">000636652</controlfield>
          <datafield tag="PSW" ind1="-" ind2="1">
            <subfield code="s">Bildende Kunst</subfield>
            <subfield code="9">(DE-588)4114333-4</subfield>
          </datafield>
          <datafield tag="PSW" ind1="-" ind2="1">
            <subfield code="s">Kunstdenkmal</subfield>
            <subfield code="h">Kunst</subfield>
            <subfield code="9">(DE-588)4114333-4</subfield>
          </datafield>
          <datafield tag="PSW" ind1="-" ind2="1">
            <subfield code="s">Periodikum</subfield>
            <subfield code="9">(DE-588)4067488-5</subfield>
          </datafield>
          <datafield tag="PSW" ind1="-" ind2="1">
            <subfield code="s">Zeitschriften</subfield>
            <subfield code="9">(DE-588)4067488-5</subfield>
          </datafield>
          <datafield tag="PSW" ind1="-" ind2="1">
            <subfield code="s">Bildende Kunst</subfield>
            <subfield code="9">(DE-588)4114333-4</subfield>
          </datafield>
          <datafield tag="PSW" ind1="-" ind2="1">
            <subfield code="s">Kunstdenkmal</subfield>
            <subfield code="h">Kunst</subfield>
            <subfield code="9">(DE-588)4114333-4</subfield>
          </datafield>
          <datafield tag="PSW" ind1="-" ind2="1">
            <subfield code="s">Periodikum</subfield>
            <subfield code="9">(DE-588)4067488-5</subfield>
          </datafield>
          <datafield tag="PSW" ind1="-" ind2="1">
            <subfield code="s">Zeitschriften</subfield>
            <subfield code="9">(DE-588)4067488-5</subfield>
          </datafield>
          <datafield tag="PSW" ind1="-" ind2="1">
            <subfield code="s">Bildende Kunst</subfield>
            <subfield code="9">(DE-588)4114333-4</subfield>
          </datafield>
          <datafield tag="PSW" ind1="-" ind2="1">
            <subfield code="s">Kunstdenkmal</subfield>
            <subfield code="h">Kunst</subfield>
            <subfield code="9">(DE-588)4114333-4</subfield>
          </datafield>
          <datafield tag="PSW" ind1="-" ind2="1">
            <subfield code="s">Bildende Kunst</subfield>
            <subfield code="9">(DE-588)4114333-4</subfield>
          </datafield>
          <datafield tag="PSW" ind1="-" ind2="1">
            <subfield code="s">Kunstdenkmal</subfield>
            <subfield code="h">Kunst</subfield>
            <subfield code="9">(DE-588)4114333-4</subfield>
          </datafield>
          <datafield tag="PSW" ind1="-" ind2="1">
            <subfield code="s">Periodikum</subfield>
            <subfield code="9">(DE-588)4067488-5</subfield>
          </datafield>
          <datafield tag="PSW" ind1="-" ind2="1">
            <subfield code="s">Zeitschriften</subfield>
            <subfield code="9">(DE-588)4067488-5</subfield>
          </datafield>
          <datafield tag="PSW" ind1="-" ind2="1">
            <subfield code="s">Periodikum</subfield>
            <subfield code="9">(DE-588)4067488-5</subfield>
          </datafield>
          <datafield tag="PSW" ind1="-" ind2="1">
            <subfield code="s">Zeitschriften</subfield>
            <subfield code="9">(DE-588)4067488-5</subfield>
          </datafield>
          <datafield tag="200" ind1=" " ind2=" ">
            <subfield code="0">1</subfield>
            <subfield code="b">10.1970 - 16.1976</subfield>
            <subfield code="c">[N=11.1971,2]</subfield>
            <subfield code="f">P 10/34 m 3</subfield>
          </datafield>
          <datafield tag="OWN" ind1=" " ind2=" ">
            <subfield code="a">P0001</subfield>
          </datafield>
          <datafield tag="PLK" ind1=" " ind2=" ">
            <subfield code="a">PAR</subfield>
            <subfield code="l">PAD01</subfield>
            <subfield code="b">000321371</subfield>
            <subfield code="m">Früher unter dem Titel:^Magazin Kunst.^1970</subfield>
            <subfield code="n">Später unter dem Titel:^Kunstmagazin.^1977</subfield>
          </datafield>
          <datafield tag="PLK" ind1=" " ind2=" ">
            <subfield code="a">PAR</subfield>
            <subfield code="l">PAD01</subfield>
            <subfield code="b">000636653</subfield>
            <subfield code="m">Später unter dem Titel:^Magazin Kunst.^1970</subfield>
            <subfield code="n">Früher unter dem Titel:^Kunst.^1964</subfield>
          </datafield>
        </record>
      </metadata>
    </record>
  </ListRecords>
</OAI-PMH>
